<?xml version="1.0" encoding="UTF-8"?><record xmlns="http://www.loc.gov/MARC21/slim" xmlns:cinclude="http://apache.org/cocoon/include/1.0" xmlns:zs="http://www.loc.gov/zing/srw/">
  <leader>01296cz  a2200325n  4500</leader>
  <controlfield tag="001">n  84112975 </controlfield>
  <controlfield tag="003">DLC</controlfield>
  <controlfield tag="005">20130308083329.0</controlfield>
  <controlfield tag="008">840809n| azannaabn          |b aaa      </controlfield>
  <datafield tag="010" ind1=" " ind2=" ">
    <subfield code="a">n  84112975 </subfield>
  </datafield>
  <datafield tag="035" ind1=" " ind2=" ">
    <subfield code="a">(OCoLC)oca01171371</subfield>
  </datafield>
  <datafield tag="040" ind1=" " ind2=" ">
    <subfield code="a">DLC</subfield>
    <subfield code="b">eng</subfield>
    <subfield code="e">rda</subfield>
    <subfield code="c">DLC</subfield>
    <subfield code="d">DLC</subfield>
    <subfield code="d">OCoLC</subfield>
    <subfield code="d">DLC</subfield>
  </datafield>
  <datafield tag="046" ind1=" " ind2=" ">
    <subfield code="f">1884</subfield>
  </datafield>
  <datafield tag="100" ind1="1" ind2=" ">
    <subfield code="a">Imazeki, Tenpō,</subfield>
    <subfield code="d">1884-</subfield>
  </datafield>
  <datafield tag="400" ind1="1" ind2=" ">
    <subfield code="a">Imazeki, Hisamaro,</subfield>
    <subfield code="d">1884-</subfield>
  </datafield>
  <datafield tag="400" ind1="1" ind2=" ">
    <subfield code="w">nnaa</subfield>
    <subfield code="a">Imazeki, Tempō,</subfield>
    <subfield code="d">1884-</subfield>
  </datafield>
  <datafield tag="400" ind1="1" ind2=" ">
    <subfield code="w">nnea</subfield>
    <subfield code="a">Imazeki, Tenpō,</subfield>
    <subfield code="d">b. 1884</subfield>
  </datafield>
  <datafield tag="400" ind1="1" ind2=" ">
    <subfield code="a">Jinguan, Shoumo,</subfield>
    <subfield code="d">1884-</subfield>
  </datafield>
  <datafield tag="400" ind1="1" ind2=" ">
    <subfield code="a">令關天彭,</subfield>
    <subfield code="d">1884-</subfield>
  </datafield>
  <datafield tag="400" ind1="1" ind2=" ">
    <subfield code="a">今関天彭,</subfield>
    <subfield code="d">1884-</subfield>
  </datafield>
  <datafield tag="400" ind1="1" ind2=" ">
    <subfield code="a">今関天鼓,</subfield>
    <subfield code="d">1884-</subfield>
  </datafield>
  <datafield tag="400" ind1="1" ind2=" ">
    <subfield code="a">今關壽麿,</subfield>
    <subfield code="d">1884-</subfield>
  </datafield>
  <datafield tag="400" ind1="1" ind2=" ">
    <subfield code="a">今關天彭,</subfield>
    <subfield code="d">1884-</subfield>
  </datafield>
  <datafield tag="667" ind1=" " ind2=" ">
    <subfield code="a">Machine-derived non-Latin script reference project.</subfield>
  </datafield>
  <datafield tag="667" ind1=" " ind2=" ">
    <subfield code="a">Non-Latin script references not evaluated.</subfield>
  </datafield>
  <datafield tag="670" ind1=" " ind2=" ">
    <subfield code="a">His Sō Gen Min Shin jugaku nenpyō, 1919:</subfield>
    <subfield code="b">colophon (Imazeki Hisamaro) p. 1, 2nd gr. (pen name: Tenpō)</subfield>
  </datafield>
  <datafield tag="670" ind1=" " ind2=" ">
    <subfield code="a">LC manual auth. cd.</subfield>
    <subfield code="b">(hdg.: Imazeki, Tempō, 1884- ; variants: Imazeki, Hisamaro)</subfield>
  </datafield>
  <datafield tag="670" ind1=" " ind2=" ">
    <subfield code="a">NDL choshamei, 1979</subfield>
    <subfield code="b">(Imazeki Tenpō)</subfield>
  </datafield>
  <datafield tag="670" ind1=" " ind2=" ">
    <subfield code="a">Song Yuan Ming Qing ru xue nian biao, 2002:</subfield>
    <subfield code="b">t.p. (Jinguan Shoumo)</subfield>
  </datafield>
  <datafield tag="675" ind1=" " ind2=" ">
    <subfield code="a">Chosakuken daichō, 1961, 1971, 1981;</subfield>
    <subfield code="a">Zen Nihon shinshiroku, 1963;</subfield>
    <subfield code="a">Sankei Nihon shinshiroku, 1973.</subfield>
  </datafield>
</record>